<record><leader>00000cas a2200000 a 4500</leader><controlfield tag="001">14917365</controlfield><controlfield tag="008">861203c19869999cauer ne      0   a0eng c</controlfield><datafield ind1=" " ind2=" " tag="010"><subfield code="a">sn 86002743 </subfield></datafield><datafield ind1=" " ind2=" " tag="040"><subfield code="a">NSD</subfield><subfield code="b">eng</subfield><subfield code="c">NSD</subfield><subfield code="d">CNK</subfield><subfield code="d">OCLCQ</subfield><subfield code="d">DLC</subfield><subfield code="d">OCLCQ</subfield><subfield code="d">OCLCF</subfield><subfield code="d">OCLCO</subfield></datafield><datafield ind1=" " ind2=" " tag="012"><subfield code="m">1</subfield></datafield><datafield ind1="1" ind2=" " tag="022"><subfield code="a">0891-5814</subfield><subfield code="l">0891-5814</subfield><subfield code="2">1</subfield></datafield><datafield ind1="1" ind2=" " tag="029"><subfield code="a">AU@</subfield><subfield code="b">000020445370</subfield></datafield><datafield ind1=" " ind2=" " tag="032"><subfield code="a">659390</subfield><subfield code="b">USPS</subfield></datafield><datafield ind1=" " ind2=" " tag="037"><subfield code="b">San Diego Jewish Times, 500 Fesler St., Suite 103, El Cajon, CA 92020</subfield></datafield><datafield ind1=" " ind2=" " tag="042"><subfield code="a">nsdp</subfield><subfield code="a">pcc</subfield></datafield><datafield ind1=" " ind2=" " tag="043"><subfield code="a">n-us-ca</subfield></datafield><datafield ind1=" " ind2="0" tag="222"><subfield code="a">San Diego Jewish times</subfield></datafield><datafield ind1="0" ind2="0" tag="245"><subfield code="a">San Diego Jewish times.</subfield></datafield><datafield ind1=" " ind2=" " tag="260"><subfield code="a">[El Cajon, CA] :</subfield><subfield code="b">Rosenberg Enterprises</subfield></datafield><datafield ind1=" " ind2=" " tag="310"><subfield code="a">Biweekly</subfield></datafield><datafield ind1="1" ind2=" " tag="362"><subfield code="a">Began in 1986.</subfield></datafield><datafield ind1=" " ind2=" " tag="500"><subfield code="a">Publication moved to La Mesa, Calif., &lt;Mar. 14/27, 2003&gt;</subfield></datafield><datafield ind1=" " ind2=" " tag="500"><subfield code="a">"San Diego's Jewish newsmagazine", &lt;Mar. 14/27, 2003-&gt;</subfield></datafield><datafield ind1=" " ind2=" " tag="530"><subfield code="a">Also issued on microfilm from Library of Congress Photoduplication Service.</subfield></datafield><datafield ind1=" " ind2=" " tag="588"><subfield code="a">Description based on: Vol. 14, no. 20 (through Oct. 16, 1986); title from cover.</subfield></datafield><datafield ind1=" " ind2="0" tag="650"><subfield code="a">Jewish newspapers</subfield><subfield code="z">California.</subfield></datafield><datafield ind1=" " ind2="0" tag="651"><subfield code="a">El Cajon (Calif.)</subfield><subfield code="v">Newspapers.</subfield></datafield><datafield ind1=" " ind2="0" tag="651"><subfield code="a">La Mesa (Calif.)</subfield><subfield code="v">Newspapers.</subfield></datafield><datafield ind1=" " ind2="7" tag="655"><subfield code="a">Newspapers.</subfield><subfield code="2">fast</subfield><subfield code="0">(OCoLC)fst01423814</subfield></datafield><datafield ind1=" " ind2="7" tag="650"><subfield code="a">Jewish newspapers.</subfield><subfield code="2">fast</subfield><subfield code="0">(OCoLC)fst00982872</subfield></datafield><datafield ind1=" " ind2="7" tag="651"><subfield code="a">California.</subfield><subfield code="2">fast</subfield><subfield code="0">(OCoLC)fst01204928</subfield></datafield><datafield ind1=" " ind2="7" tag="651"><subfield code="a">California</subfield><subfield code="z">El Cajon.</subfield><subfield code="2">fast</subfield><subfield code="0">(OCoLC)fst01217088</subfield></datafield><datafield ind1=" " ind2="7" tag="651"><subfield code="a">California</subfield><subfield code="z">La Mesa.</subfield><subfield code="2">fast</subfield><subfield code="0">(OCoLC)fst01219036</subfield></datafield><datafield ind1=" " ind2=" " tag="752"><subfield code="a">United States</subfield><subfield code="b">California</subfield><subfield code="c">San Diego</subfield><subfield code="d">La Mesa.</subfield></datafield><datafield ind1=" " ind2=" " tag="752"><subfield code="a">United States</subfield><subfield code="b">California</subfield><subfield code="c">San Diego</subfield><subfield code="d">El Cajon.</subfield></datafield><datafield ind1="0" ind2="0" tag="780"><subfield code="t">Israel today San Diego</subfield><subfield code="x">0746-4207</subfield></datafield></record>